%  a sample bibliography file
%  

@article{cito2015runtime,
  title={Runtime metric meets developer-Building better cloud applications using feedback},
  author={Cito, J{\"u}rgen and Leitner, Philipp and Gall, Harald C and Dadashi, Aryan and Keller, Anne and Roth, Andreas},
  journal={PeerJ PrePrints},
  volume={3},
  pages={e1214},
  year={2015},
  publisher={PeerJ Inc. San Francisco, USA}
}

@article{cito2014making,
  title={The Making of Cloud Applications An Empirical Study on Software Development for the Cloud},
  author={Cito, J{\"u}rgen and Leitner, Philipp and Fritz, Thomas and Gall, Harald C},
  journal={arXiv preprint arXiv:1409.6502},
  year={2014}
}

@inproceedings{leitner2012application,
  title={Application-level performance monitoring of cloud services based on the complex event processing paradigm},
  author={Leitner, Philipp and Inzinger, Christian and Hummer, Waldemar and Satzger, Benjamin and Dustdar, Schahram},
  booktitle={Service-Oriented Computing and Applications (SOCA), 2012 5th IEEE International Conference on},
  pages={1--8},
  year={2012},
  organization={IEEE}
}

@article{bruneocloudwave,
  title={CloudWave--Leveraging DevOps for Cloud Management and Application Development},
  author={Bruneo, Dario and Dadashi, Aryan and Leitner, Philipp and Miron, Avi and Moltchanov, Boris and De-Santos, Francesco Javier Nieto and Salant, Eliot and Sharifloo, Amir Molzam and Wallbom, Karl and Woods, Chris}
}

@inproceedings{kohavi2007practical,
  title={Practical guide to controlled experiments on the web: listen to your customers not to the hippo},
  author={Kohavi, Ron and Henne, Randal M and Sommerfield, Dan},
  booktitle={Proceedings of the 13th ACM SIGKDD international conference on Knowledge discovery and data mining},
  pages={959--967},
  year={2007},
  organization={ACM}
}

@article{feitelson2013development,
  title={Development and deployment at Facebook},
  author={Feitelson, Dror G and Frachtenberg, Eitan and Beck, Kent L},
  journal={IEEE Internet Computing},
  number={4},
  pages={8--17},
  year={2013},
  publisher={IEEE}
}

@article{armbrust2010view,
  title={A view of cloud computing},
  author={Armbrust, Michael and Fox, Armando and Griffith, Rean and Joseph, Anthony D and Katz, Randy and Konwinski, Andy and Lee, Gunho and Patterson, David and Rabkin, Ariel and Stoica, Ion and others},
  journal={Communications of the ACM},
  volume={53},
  number={4},
  pages={50--58},
  year={2010},
  publisher={ACM}
}

%  The authors mentioned here are almost, but not quite,
%  entirely unrelated to Matt Groening.

